@book{serra1982image,
  title={Image analysis and mathematical morphology, v. 1},
  author={Serra, Jean},
  year={1982},
  publisher={Academic press}
}


@book{ortiz2002procesamiento,
  title={Procesamiento morfol{\'o}gico de im{\'a}genes en color: aplicaci{\'o}n a la reconstrucci{\'o}n geod{\'e}sica},
  author={Ortiz Zamora, Francisco Gabriel},
  year={2002}
}

@inproceedings{joblove1978color,
  title={Color spaces for computer graphics},
  author={Joblove, George H and Greenberg, Donald},
  booktitle={ACM siggraph computer graphics},
  volume={12},
  number={3},
  pages={20--25},
  year={1978},
  organization={ACM}
}

@article{meyer1980perceptual,
  title={Perceptual color spaces for computer graphics},
  author={Meyer, Gary W and Greenberg, Donald P},
  journal={ACM SIGGRAPH Computer Graphics},
  volume={14},
  number={3},
  pages={254--261},
  year={1980},
  publisher={ACM}
}

@inproceedings{tkalcic2003colour,
  title={Colour spaces: perceptual, historical and applicational background},
  author={Tkalcic, Marko and Tasic, Jurij F and others},
  booktitle={Eurocon},
  year={2003}
}

@misc{rolleston1996color,
  title={Color printer calibration architecture},
  author={Rolleston, Robert J and Maltz, Martin S and Stinehour, Judith E},
  year={1996},
  month=jun # "~18",
  publisher={Google Patents},
  note={US Patent 5,528,386}
}

@article{busin2008color,
  title={Color spaces and image segmentation},
  author={Busin, Laurent and Vandenbroucke, Nicolas and Macaire, Ludovic},
  journal={Advances in imaging and electron physics},
  volume={151},
  number={1},
  pages={1},
  year={2008},
  publisher={Academic Press}
}

@article{leon2006color,
  title={Color measurement in L∗ a∗ b∗ units from RGB digital images},
  author={Leon, Katherine and Mery, Domingo and Pedreschi, Franco and Leon, Jorge},
  journal={Food research international},
  volume={39},
  number={10},
  pages={1084--1091},
  year={2006},
  publisher={Elsevier}
}

@article{mahy1994evaluation,
  title={Evaluation of uniform color spaces developed after the adoption of CIELAB and CIELUV},
  author={Mahy, Marc and Eycken, L and Oosterlinck, Andr{\'e}},
  journal={Color Research \& Application},
  volume={19},
  number={2},
  pages={105--121},
  year={1994},
  publisher={Wiley Online Library}
}

@misc{munson1995color,
  title={Color information storage and processing system},
  author={Munson, James B},
  year={1995},
  month=nov # "~7",
  publisher={Google Patents},
  note={US Patent 5,465,104}
}

@inproceedings{zamora2001comparative,
  title={Comparative study of vectorial morphological operations in different color spaces},
  author={Zamora, Francisco G Ortiz and Torres-Medina, Fernando and Lopez-Angulo, Jesus and Mendez, Santiago Puente},
  booktitle={Intelligent Systems and Advanced Manufacturing},
  pages={259--268},
  year={2001},
  organization={International Society for Optics and Photonics}
}

@article{pitas1992order,
  title={Order statistics in digital image processing},
  author={Pitas, Ioannis and Venetsanopoulos, Anastasios N},
  journal={Proceedings of the IEEE},
  volume={80},
  number={12},
  pages={1893--1921},
  year={1992},
  publisher={IEEE}
}

@article{hanbury2001mathematical,
  title={Mathematical morphology in the L* a* b* colour space},
  author={Hanbury, Allan and Serra, Jean and others},
  journal={Perancis: Centre de Morphologie Math{\'e}matique Ecole des Mines de Paris},
  year={2001}
}

@inproceedings{hanbury2001mathematical2,
  title={Mathematical Morphology in the HLS Colour Space.},
  author={Hanbury, Allan and Serra, Jean},
  booktitle={BMVC},
  pages={1--10},
  year={2001},
  organization={Citeseer}
}

@article{hanbury2002mathematical3,
  title={Mathematical morphology in the CIELAB space},
  author={Hanbury, Allan and Serra, Jean},
  journal={Image Analysis and Stereology},
  volume={21},
  number={3},
  pages={201--206},
  year={2002}
}

@incollection{tobar2007mathematical,
  title={Mathematical morphology in the hsi colour space},
  author={Tobar, Mar{\'\i}a C and Platero, Carlos and Gonz{\'a}lez, Pedro M and Asensio, Gabriel},
  booktitle={Pattern Recognition and Image Analysis},
  pages={467--474},
  year={2007},
  publisher={Springer}
}


@article{lei2013vector,
  title={Vector morphological operators in HSV color space},
  author={Lei, Tao and Wang, Yi and Fan, YangYu and Zhao, Jiong},
  journal={Science China Information Sciences},
  volume={56},
  number={1},
  pages={1--12},
  year={2013},
  publisher={Springer}
}

@inproceedings{zaharescu2003color,
  title={Color morphology-like operators based on color geometric shape characteristics},
  author={Zaharescu, E and Zamfir, M and Vertan, Constantin},
  booktitle={Signals, Circuits and Systems, 2003. SCS 2003. International Symposium on},
  volume={1},
  pages={145--148},
  year={2003},
  organization={IEEE}
}

@article{gao2013adaptive,
  title={An Adaptive Lexicographical Ordering of Color Mathematical Morphology},
  author={Gao, Chun-Jiang Zhao Xian-He and Hu, Xue-You},
  journal={Journal of Computers},
  volume={24},
  number={3},
  year={2013}
}

@inproceedings{wang2012edge,
  title={Edge detection of color image using vector morphological operators},
  author={Wang, Lei and Yan, Lingbo},
  booktitle={Computer Science and Network Technology (ICCSNT), 2012 2nd International Conference on},
  pages={2211--2215},
  year={2012},
  organization={IEEE}
}

@article{heijmans1990algebraic,
  title={The algebraic basis of mathematical morphology I. Dilations and erosions},
  author={Heijmans, Henk JAM and Ronse, Christian},
  journal={Computer Vision, Graphics, and Image Processing},
  volume={50},
  number={3},
  pages={245--295},
  year={1990},
  publisher={Elsevier}
}

@article{serra1986introduction,
  title={Introduction to mathematical morphology},
  author={Serra, Jean},
  journal={Computer vision, graphics, and image processing},
  volume={35},
  number={3},
  pages={283--305},
  year={1986},
  publisher={Academic Press}
}

@article{aptoula2007comparative,
  title={A comparative study on multivariate mathematical morphology},
  author={Aptoula, Erchan and Lefevre, S{\'e}bastien},
  journal={Pattern Recognition},
  volume={40},
  number={11},
  pages={2914--2929},
  year={2007},
  publisher={Elsevier}
}

@article{ledoux2012limits,
  title={Limits and comparisons of orderings using colour distances},
  author={Ledoux, Audrey and Richard, Noel and Capelle-Laize, Anne-Sophie},
  journal={Traitement du Signal},
  volume={29},
  number={1-2},
  pages={65--82},
  year={2012},
  publisher={PRESSES UNIV GRENOBLE 1041 RUE DES RESIDENCES, GRENOBLE, 38040, FRANCE}
}

@incollection{van2013group,
  title={Group-invariant frames for colour morphology},
  author={van de Gronde, Jasper J and Roerdink, Jos BTM},
  booktitle={Mathematical Morphology and Its Applications to Signal and Image Processing},
  pages={267--278},
  year={2013},
  publisher={Springer}
}

@article{velasco2012random,
  title={Random projection depth for multivariate mathematical morphology},
  author={Velasco-Forero, Santiago and Angulo, Jes{\'u}s},
  journal={Selected Topics in Signal Processing, IEEE Journal of},
  volume={6},
  number={7},
  pages={753--763},
  year={2012},
  publisher={IEEE}
}

@inproceedings{lezoray2009learning,
  title={Learning complete lattices for manifold mathematical morphology},
  author={Lezoray, Olivier and Charrier, Christophe and Elmoataz, Abderrahim},
  booktitle={International Symposium on Mathematical Morphology},
  pages={1--4},
  year={2009}
}

@inproceedings{velasco2010morphological,
  title={Morphological processing of hyperspectral images using kriging-based supervised ordering},
  author={Velasco-Forero, Santiago and Angulo, Jesus},
  booktitle={Image Processing (ICIP), 2010 17th IEEE International Conference on},
  pages={1409--1412},
  year={2010},
  organization={IEEE}
}
@incollection{burgeth2013morphology,
  title={Morphology for color images via Loewner order for matrix fields},
  author={Burgeth, Bernhard and Kleefeld, Andreas},
  booktitle={Mathematical Morphology and Its Applications to Signal and Image Processing},
  pages={243--254},
  year={2013},
  publisher={Springer}
}

@article{velasco2011supervised,
  title={Supervised ordering in: Application to morphological processing of hyperspectral images},
  author={Velasco-Forero, Santiago and Angulo, Jesus},
  journal={Image Processing, IEEE Transactions on},
  volume={20},
  number={11},
  pages={3301--3308},
  year={2011},
  publisher={IEEE}
}

@article{hanbury2001morphological,
  title={Morphological operators on the unit circle},
  author={Hanbury, Allan G and Serra, Jean},
  journal={Image Processing, IEEE Transactions on},
  volume={10},
  number={12},
  pages={1842--1850},
  year={2001},
  publisher={IEEE}
}

@inproceedings{angulo2010pseudo,
  title={Pseudo-morphological image diffusion using the counter-harmonic paradigm},
  author={Angulo, Jes{\'u}s},
  booktitle={Advanced Concepts for Intelligent Vision Systems},
  pages={426--437},
  year={2010},
  organization={Springer}
}

@article{aptoula2008alpha,
  title={$\alpha$-Trimmed lexicographical extrema for pseudo-morphological image analysis},
  author={Aptoula, Erchan and Lefevre, S{\'e}bastien},
  journal={Journal of Visual Communication and Image Representation},
  volume={19},
  number={3},
  pages={165--174},
  year={2008},
  publisher={Elsevier}
}

@incollection{kleefeld2015processing,
  title={Processing Multispectral Images via Mathematical Morphology},
  author={Kleefeld, Andreas and Burgeth, Bernhard},
  booktitle={Visualization and Processing of Higher Order Descriptors for Multi-Valued Data},
  pages={129--148},
  year={2015},
  publisher={Springer}
}

@inproceedings{vazquez2014color,
  title={A color morphological ordering method based on additive and subtractive spaces},
  author={Vazquez Noguera, Jose Luis and Legal Ayala, Horacio and Schaerer, Christian E and Facon, Jacques},
  booktitle={Image Processing (ICIP), 2014 IEEE International Conference on},
  pages={674--678},
  year={2014},
  organization={IEEE}
}

@article{louverdis2002new,
  title={A new approach to morphological color image processing},
  author={Louverdis, Gerasimos and Vardavoulia, Maria I and Andreadis, Ioannis and Tsalides, Ph},
  journal={Pattern recognition},
  volume={35},
  number={8},
  pages={1733--1741},
  year={2002},
  publisher={Elsevier}
}

@inproceedings{louverdis2002morphological,
  title={Morphological granulometries for color images},
  author={Louverdis, Gerasimos and Andreadis, Ioannis and Tsalides, Philippos},
  booktitle={Proc. 2nd Hellenic Conf. Artificial Intelligence},
  pages={333--342},
  year={2002},
  organization={Citeseer}
}

@article{vardavoulia2002vector,
  title={Vector ordering and morphological operations for colour image processing: fundamentals and applications},
  author={Vardavoulia, MI and Andreadis, I and Tsalides, Ph},
  journal={Pattern Analysis and Applications},
  volume={5},
  number={3},
  pages={271--287},
  year={2002},
  publisher={Springer}
}

@article{ortiz2002colour,
  title={Colour mathematical morphology for neural image analysis},
  author={Ortiz, Francisco and Torres, Fernando and De Juan, E and Cuenca, Nicolas},
  journal={Real-Time Imaging},
  volume={8},
  number={6},
  pages={455--465},
  year={2002},
  publisher={Elsevier}
}

@inproceedings{ortiz2004gaussian,
  title={Gaussian noise elimination in colour images by vector-connected filters},
  author={Ortiz, Francisco and Torres, F and Gil, Pablo},
  booktitle={Pattern Recognition, 2004. ICPR 2004. Proceedings of the 17th International Conference on},
  volume={4},
  pages={807--810},
  year={2004},
  organization={IEEE}
}

@article{angulo2003mathematical,
  title={Mathematical morphology in color spaces applied to the analysis of cartographic images},
  author={Angulo, Jes{\'u}s and Serra, Jean},
  journal={Proceedings of GEOPRO},
  volume={3},
  pages={59--66},
  year={2003}
}

@article{rivest2004morphological,
  title={Morphological operators on complex signals},
  author={Rivest, Jean-F},
  journal={Signal Processing},
  volume={84},
  number={1},
  pages={133--139},
  year={2004},
  publisher={Elsevier}
}

@inproceedings{angulo2005morphological,
  title={Morphological color processing based on distances. Application to color denoising and enhancement by centre and contrast operators},
  author={Angulo, Jes{\'u}s},
  booktitle={Proc. of VIIP},
  pages={314--319},
  year={2005}
}

@article{sartor2001morphological,
  title={Morphological operations on color images},
  author={Sartor, Lloyd J and Weeks, Arthur R},
  journal={Journal of Electronic Imaging},
  volume={10},
  number={2},
  pages={548--559},
  year={2001},
  publisher={International Society for Optics and Photonics}
}

@inproceedings{angulo2003morphological,
  title={Morphological coding of color images by vector connected filters},
  author={Angulo, Jest{\`U}s and Serra, Jean},
  booktitle={Signal Processing and Its Applications, 2003. Proceedings. Seventh International Symposium on},
  volume={1},
  pages={69--72},
  year={2003},
  organization={IEEE}
}

@phdthesis{angulo2003morphologie,
  title={Morphologie math{\'e}matique et indexation d'images couleur: application {\`a} la microscopie en biom{\'e}decine},
  author={Angulo, Jes{\'u}s},
  year={2003},
  school={{\'E}cole Nationale Sup{\'e}rieure des Mines de Paris}
}

@incollection{angulo2005unified,
  title={Unified morphological color processing framework in a lum/sat/hue representation},
  author={Angulo, Jes{\'u}s},
  booktitle={Mathematical Morphology: 40 Years On},
  pages={387--396},
  year={2005},
  publisher={Springer}
}

@inproceedings{serra1993anamorphoses,
  title={Anamorphoses and function lattices},
  author={Serra, Jean C},
  booktitle={SPIE's 1993 International Symposium on Optics, Imaging, and Instrumentation},
  pages={2--11},
  year={1993},
  organization={International Society for Optics and Photonics}
}

@article{barnett1976ordering,
  title={The ordering of multivariate data},
  author={Barnett, Vic},
  journal={Journal of the Royal Statistical Society. Series A (General)},
  pages={318--355},
  year={1976},
  publisher={JSTOR}
}

@article{astola1990vector,
  title={Vector median filters},
  author={Astola, Jaakko and Haavisto, Petri and Neuvo, Yrj{\"o}},
  journal={Proceedings of the IEEE},
  volume={78},
  number={4},
  pages={678--689},
  year={1990},
  publisher={IEEE}
}
@inproceedings{aptoula2007pseudo,
  title={Pseudo multivariate morphological operators based on $\alpha$-trimmed lexicographical extrema},
  author={Aptoula, Erchan and Lefevre, S{\'e}bastien},
  booktitle={Image and Signal Processing and Analysis, 2007. ISPA 2007. 5th International Symposium on},
  pages={367--372},
  year={2007},
  organization={IEEE}
}

@book{soille2013morphological,
  title={Morphological image analysis: principles and applications},
  author={Soille, Pierre},
  year={2013},
  publisher={Springer Science \& Business Media}
}

@article{mukhopadhyay2000multiscale,
  title={A multiscale morphological approach to local contrast enhancement},
  author={Mukhopadhyay, Susanta and Chanda, Bhabatosh},
  journal={Signal Processing},
  volume={80},
  number={4},
  pages={685--696},
  year={2000},
  publisher={Elsevier}
}

@article{soille1997note,
  title={A note on morphological contrast enhancement},
  author={Soille, Pierre},
  journal={{\'E}cole des Mines d’Al{\'e}s-EERIE, Tech. Rep. RT-PS-001},
  year={1997}
}

@article{bai2010analysis,
  title={Analysis of new top-hat transformation and the application for infrared dim small target detection},
  author={Bai, Xiangzhi and Zhou, Fugen},
  journal={Pattern Recognition},
  volume={43},
  number={6},
  pages={2145--2156},
  year={2010},
  publisher={Elsevier}
}

@article{bai2010infrared,
  title={Infrared small target enhancement and detection based on modified top-hat transformations},
  author={Bai, Xiangzhi and Zhou, Fugen},
  journal={Computers \& Electrical Engineering},
  volume={36},
  number={6},
  pages={1193--1201},
  year={2010},
  publisher={Elsevier}
}

@article{bai2010analysis1,
  title={Analysis of different modified top-hat transformations based on structuring element construction},
  author={Bai, Xiangzhi and Zhou, Fugen},
  journal={Signal Processing},
  volume={90},
  number={11},
  pages={2999--3003},
  year={2010},
  publisher={Elsevier}
}

@article{bai2012toggle,
  title={Toggle and top-hat based morphological contrast operators},
  author={Bai, Xiangzhi and Zhou, Fugen and Xue, Bindang},
  journal={Computers \& Electrical Engineering},
  volume={38},
  number={5},
  pages={1196--1204},
  year={2012},
  publisher={Elsevier}
}

@book{gonzales2004digital,
  title={Digital image processing using MATLAB},
  author={Gonzales, Rafael C and Woods, Richard E and Eddins, Steven L},
  year={2004},
  publisher={Pearson Prentice Hall}
}

@article{aptoula2008lexicographical,
  title={On lexicographical ordering in multivariate mathematical morphology},
  author={Aptoula, Erchan and Lefevre, S{\'e}bastien},
  journal={Pattern Recognition Letters},
  volume={29},
  number={2},
  pages={109--118},
  year={2008},
  publisher={Elsevier}
}




@article{bouchet2016fuzzy,
  title={Fuzzy Mathematical Morphology for color images defined by fuzzy preference relations},
  author={Bouchet, Agustina and Alonso, Pedro and Pastore, Juan Ignacio and Montes, Susana and D{\'\i}az, Irene},
  journal={Pattern Recognition},
  year={2016},
  publisher={Elsevier}
}

@inproceedings{chanussot1997bit,
  title={Bit mixing paradigm for multivalued morphological filters},
  author={Chanussot, J and Lambert, P},
  booktitle={IEE conference publication},
  volume={2},
  pages={804--808},
  year={1997},
  organization={Institution of Electrical Engineers}
}

@book{tuzlukov2002signal,
  title={Signal processing noise},
  author={Tuzlukov, Vyacheslav},
  volume={8},
  year={2002},
  publisher={CRC Press}
}

@article{farooque2013survey,
  title={Survey on various noises and techniques for denoising the color image},
  author={Farooque, Mohd Awais and Rohankar, Jayant S},
  journal={International Journal of Application or Innovation in Engineering \& Management (IJAIEM)},
  volume={2},
  number={11},
  pages={217--221},
  year={2013}
}

@book{davenport1958random,
  title={Random signals and noise},
  author={Davenport, Wilbur B and Root, William L},
  year={1958},
  publisher={McGraw-Hill New York}
}

@article{benavent2012mathematical,
  title={Mathematical morphology for color images: An image-dependent approach},
  author={Benavent, Xaro and Dura, Esther and Vegara, Francisco and Domingo, Juan},
  journal={Mathematical Problems in Engineering},
  volume={2012},
  year={2012},
  publisher={Hindawi Publishing Corporation}
}

@article{gao2013adaptive,
  title={An adaptive lexicographical ordering of color mathematical morphology},
  author={Gao, Chun-Jiang Zhao Xian-He and Hu, Xue-You},
  journal={Journal of Computers},
  volume={24},
  number={3},
  year={2013}
}

@inproceedings{martin2001database,
  title={A database of human segmented natural images and its application to evaluating segmentation algorithms and measuring ecological statistics},
  author={Martin, David and Fowlkes, Charless and Tal, Doron and Malik, Jitendra},
  booktitle={Computer Vision, 2001. ICCV 2001. Proceedings. Eighth IEEE International Conference on},
  volume={2},
  pages={416--423},
  year={2001},
  organization={IEEE}
}

@article{arbelaez2007berkeley,
  title={The berkeley segmentation dataset and benchmark},
  author={Arbelaez, Pablo and Fowlkes, Charless and Martin, David},
  journal={see http://www. eecs. berkeley. edu/Research/Projects/CS/vision/bsds},
  year={2007}
}

@article{willmott2005advantages,
  title={Advantages of the mean absolute error (MAE) over the root mean square error (RMSE) in assessing average model performance},
  author={Willmott, Cort J and Matsuura, Kenji},
  journal={Climate research},
  volume={30},
  number={1},
  pages={79--82},
  year={2005}
}

@inproceedings{stricker1995similarity,
  title={Similarity of color images},
  author={Stricker, Markus A and Orengo, Markus},
  booktitle={IS\&T/SPIE's Symposium on Electronic Imaging: Science \& Technology},
  pages={381--392},
  year={1995},
  organization={International Society for Optics and Photonics}
}

@article{lefevre2009beyond,
  title={Beyond morphological size distribution}, 
  author={Lef{\`e}vre, S{\'e}bastien},
  journal={Journal of Electronic Imaging},
  volume={18},
  number={1},
  pages={013010--013010},
  year={2009},
  publisher={International Society for Optics and Photonics},
}

@article{palm2004color,
  title={Color texture classification by integrative co-occurrence matrices},
  author={Palm, Christoph},
  journal={Pattern recognition},
  volume={37},
  number={5},
  pages={965--976},
  year={2004},
  publisher={Elsevier}
}

@incollection{van2005parallel,
  title={Parallel-sequential texture analysis},
  author={Van Den Broek, Egon L and Van Rikxoort, Eva M},
  booktitle={Pattern Recognition and Image Analysis},
  pages={532--541},
  year={2005},
  publisher={Springer}
}

@book{matheron1975random,
  title={Random sets and integral geometry},
  author={Matheron, Georges},
  year={1975},
  publisher={John Wiley \& Sons}
}

@article{vincent2000granulometries,
  title={Granulometries and opening trees},
  author={Vincent, Luc},
  journal={Fundam. Inform.},
  volume={41},
  number={1-2},
  pages={57--90},
  year={2000}
}

@inproceedings{susstrunk2003color,
  title={Color image quality on the internet},
  author={Susstrunk, Sabine E and Winkler, Stefan},
  booktitle={Electronic Imaging 2004},
  pages={118--131},
  year={2003},
  organization={International Society for Optics and Photonics}
}

@inproceedings{aptoula2007morphological,
  title={On morphological color texture characterization},
  author={Aptoula, Erchan and Lef{\`e}vre, S{\'e}bastien},
  booktitle={International Symposium on Mathematical Morphology (ISMM)},
  pages={153--164},
  year={2007}
}

@article{maragos1989pattern,
  title={Pattern spectrum and multiscale shape representation},
  author={Maragos, Petros},
  journal={IEEE Transactions on pattern analysis and machine intelligence},
  volume={11},
  number={7},
  pages={701--716},
  year={1989},
  publisher={IEEE}
}

@inproceedings{ojala2002outex,
  title={Outex-new framework for empirical evaluation of texture analysis algorithms},
  author={Ojala, Timo and Maenpaa, Topi and Pietikainen, Matti and Viertola, Jaakko and Kyllonen, Juha and Huovinen, Sami},
  booktitle={Pattern Recognition, 2002. Proceedings. 16th International Conference on},
  volume={1},
  pages={701--706},
  year={2002},
  organization={IEEE}
}

@article{de2006selecting,
  title={Selecting the structuring element for morphological texture classification},
  author={de Ves, Esther and Benavent, Xaro and Ayala, Guillermo and Domingo, Juan},
  journal={Pattern Analysis and applications},
  volume={9},
  number={1},
  pages={48--57},
  year={2006},
  publisher={Springer}
}

@incollection{hanbury2005illumination,
  title={Illumination-invariant morphological texture classification},
  author={Hanbury, Allan and Kandaswamy, Umasankar and Adjeroh, Donald A},
  booktitle={Mathematical Morphology: 40 Years On},
  pages={377--386},
  year={2005},
  publisher={Springer}
}

@article{bianconi2011theoretical,
  title={Theoretical and experimental comparison of different approaches for color texture classification},
  author={Bianconi, Francesco and Harvey, Richard and Southam, Paul and Fern{\'a}ndez, Antonio},
  journal={Journal of Electronic Imaging},
  volume={20},
  number={4},
  pages={043006--043006},
  year={2011},
  publisher={International Society for Optics and Photonics}
}

@article{chen2002pseudo,
  title={A pseudo top-hat mathematical morphological approach to edge detection in dark regions},
  author={Chen, Ting and Wu, QH and Rahmani-Torkaman, Reza and Hughes, Jim},
  journal={Pattern Recognition},
  volume={35},
  number={1},
  pages={199--210},
  year={2002},
  publisher={Elsevier}
}

@article{roerdink2000watershed,
  title={The watershed transform: Definitions, algorithms and parallelization strategies},
  author={Roerdink, Jos BTM and Meijster, Arnold},
  journal={Fundamenta informaticae},
  volume={41},
  number={1, 2},
  pages={187--228},
  year={2000},
  publisher={IOS Press}
}

@article{roerdink2000watershed,
  title={The watershed transform: Definitions, algorithms and parallelization strategies},
  author={Roerdink, Jos BTM and Meijster, Arnold},
  journal={Fundamenta informaticae},
  volume={41},
  number={1, 2},
  pages={187--228},
  year={2000},
  publisher={IOS Press}
}

@article{comer1999morphological,
  title={Morphological operations for color image processing},
  author={Comer, Mary L and Delp, Edward J},
  journal={Journal of electronic imaging},
  volume={8},
  number={3},
  pages={279--289},
  year={1999},
  publisher={International Society for Optics and Photonics}
}

@article{tremeau1998analyse,
  title={Analyse d’images couleur: du pixel {\`a} la sc{\`e}ne},
  author={Tr{\'e}meau, A},
  journal={HDR, Universit{\'e} de Saint-Etienne},
  year={1998}
}